<?xml version='1.0' encoding='utf-8'?>
<record xmlns="http://www.loc.gov/MARC21/slim" xmlns:xsi="http://www.w3.org/2001/XMLSchema-instance">
  <leader>^^^^^npcaa22003371a^4500</leader>
  <controlfield tag="001">002745285</controlfield>
  <controlfield tag="005">20010720000000.0</controlfield>
  <controlfield tag="008">940131i18941894miu^^^^^|^^^^^^^^^^^eng^|</controlfield>
  <datafield tag="035" ind1=" " ind2=" ">
    <subfield code="a">(RLIN)MIUV89-A35</subfield>
  </datafield>
  <datafield tag="035" ind1=" " ind2=" ">
    <subfield code="a">(OCoLC)ocm34419347</subfield>
  </datafield>
  <datafield tag="040" ind1=" " ind2=" ">
    <subfield code="a">MiU-H</subfield>
    <subfield code="c">MiU-H</subfield>
    <subfield code="e">appm</subfield>
  </datafield>
  <datafield tag="110" ind1="1" ind2=" ">
    <subfield code="a">Washtenaw County (Mich.).</subfield>
    <subfield code="b">County Clerk.</subfield>
  </datafield>
  <datafield tag="245" ind1="0" ind2="0">
    <subfield code="a">Census of Washtenaw County, Michigan,</subfield>
    <subfield code="f">1894.</subfield>
  </datafield>
  <datafield tag="300" ind1=" " ind2=" ">
    <subfield code="a">5 v.</subfield>
  </datafield>
  <datafield tag="530" ind1=" " ind2=" ">
    <subfield code="a">Microfilm copy available.</subfield>
  </datafield>
  <datafield tag="500" ind1=" " ind2=" ">
    <subfield code="a">Donor: 1343</subfield>
  </datafield>
  <datafield tag="505" ind1="0" ind2=" ">
    <subfield code="a">Schedule 1. Inhabitants (bound in 3 v.). Vol. 1. Ann Arbor, Augusta, Bridgewater, Dexter, Freedom, Lima, Lodi, Lyndon, Manchester, Manchester village, Northfield, Pittsfield -- v. 2. Salem, Saline, Saline village, Scio, Delhi village, Dexter village, Sharon, Superior, Sylvan (and Chelsea village), Webster, York, Ypsilanti -- v. 3. Ann Arbor city, Ypsilanti city</subfield>
  </datafield>
  <datafield tag="505" ind1="0" ind2=" ">
    <subfield code="a">Schedule 3. Statistics of Agriculture. Ann Arbor, Augusta, Bridgewater, Dexter, Freedom, Lima, Lodi, Lyndon, Manchester, Manchester village, Northfield, Pittsfield, Salem, Saline, Saline village, Scio, Dexter village, Sharon, Superior, Sylvan, Chelsea village, Webster, York, Milan village, Mooreville, Ypsilanti, Ann Arbor city, Ypsilanti city</subfield>
  </datafield>
  <datafield tag="505" ind1="0" ind2=" ">
    <subfield code="a">Schedule 4. Products of industry. Ann Arbor, Augusta, Dexter, Freedom, Lima, Lodi, Lyndon,Manchester village, Northfield, Pittsfield, Salem, Saline, Dexter village, Sharon, Superior, Sylvan, Chelsea village, Webster, Milan village, Ypsilanti, Ann Arbor city, Ypsilanti city</subfield>
  </datafield>
  <datafield tag="505" ind1="0" ind2=" ">
    <subfield code="a">Schedule 5. Libraries and churches (bound with Schedule 4). Augusta, Bridgewater, Dexter, Freedom, Lima, Lodi, Lyndon, Manchester, Manchester village, Northfield, Pittsfield, Salem, Saline, Scio, Dexter village, Sharon, Superior, Sylvan, Webster, York, Ypsilanti, Ann Arbor city, Ypsilanti city</subfield>
  </datafield>
  <datafield tag="655" ind1=" " ind2="7">
    <subfield code="a">Census records.</subfield>
    <subfield code="2">aat</subfield>
  </datafield>
  <datafield tag="651" ind1=" " ind2="0">
    <subfield code="a">Washtenaw County (Mich.)</subfield>
    <subfield code="x">Census, 1894.</subfield>
  </datafield>
  <datafield tag="650" ind1=" " ind2="0">
    <subfield code="a">Manufactures</subfield>
    <subfield code="z">Michigan</subfield>
    <subfield code="z">Washtenaw County.</subfield>
  </datafield>
  <datafield tag="650" ind1=" " ind2="0">
    <subfield code="a">Agriculture</subfield>
    <subfield code="z">Michigan</subfield>
    <subfield code="z">Washtenaw County.</subfield>
  </datafield>
  <datafield tag="650" ind1=" " ind2="0">
    <subfield code="a">Libraries</subfield>
    <subfield code="z">Michigan</subfield>
    <subfield code="z">Washtenaw County.</subfield>
  </datafield>
  <datafield tag="651" ind1=" " ind2="0">
    <subfield code="a">Washtenaw County (Mich.)</subfield>
    <subfield code="x">Religion.</subfield>
  </datafield>
  <datafield tag="776" ind1="0" ind2=" ">
    <subfield code="7">c1bc</subfield>
    <subfield code="a">Washtenaw County (Mich.). County Clerk.</subfield>
    <subfield code="t">Census of Washtenaw County, Michigan, 1894.</subfield>
    <subfield code="w">(CStRLIN)MIUV93-A8</subfield>
  </datafield>
  <datafield tag="852" ind1="8" ind2=" ">
    <subfield code="a">MiU-H</subfield>
    <subfield code="b">BENT</subfield>
    <subfield code="h">8935 CB.1 Outsize</subfield>
  </datafield>
  <datafield tag="998" ind1=" " ind2=" ">
    <subfield code="s">9554</subfield>
  </datafield>
  <datafield tag="955" ind1=" " ind2=" ">
    <subfield code="b">BENT</subfield>
    <subfield code="p">B1060352</subfield>
  </datafield>
</record>
